@article{koseler2018,
    author  = "Kaan Koseler and Matthew Stephan",
    title   = "Machine Learning Applications in Baseball: A Systematic Literature Review",
    year    = "2018",
    journal = "Applied Artificial Intelligence",
    volume  = "31",
    pages   = "745--763"
}

@misc{mlb2024,
    author = "Matt Kelley and Thomas Harrigan",
    title = "Who will be MLB's next unanimous Hall of Famer?",
    year = "2024",
    url  = "https://www.mlb.com/news/who-will-be-the-next-unanimous-hall-of-famer",
    note = {Accessed on 2024-04-28}
}

@article{mills2011,
    author = "Brian M. Mills and Steven Salaga",
    title = "Using Tree Ensembles to Analyze National Baseball Hall of Fame Voting Patterns: An Application to Discrimination in BBWAA Voting",
    journal = "Journal of Quantitative Analysis in Sports",
    year = "2011", 
    volume  = "7",
    issue = "4"
}

@article{freiman2010,
    author = "Michael H Frieman",
    title = "Using Random Forests and Simulated Annealing to Predict Probabilities of Election to the Baseball Hall of Fame",
    journal = "Journal of Quantitative Analysis in Sports",
    year = "2010", 
    volume  = "6",
    issue = "2"
}

@article{smith2009,
    author = "Lloyd A. Smith",
    title = "Predicting Baseball Hall of Fame Membership using a Radial Basis Function Network",
    journal = "Journal of Quantitative Analysis in Sports",
    year = "2009", 
    volume  = "5"
}

@article{young2008,
    author = "William A. Young and William S. Holland and Gary R. Weckman",
    title = "Determining Hall of Fame Status for Major League Baseball Using an Artificial Neural Network",
    journal = "Journal of Quantitative Analysis in Sports",
    year = "2008", 
    volume  = "4",
    issue = "4"
}